@misc{Melanoma,
    author = "L. Davis, S. Shalin and A. Tackett",
    title = "{Current state of melanoma diagnosis and treatment}",
    year = {2019},
    note = {Available at \url{https://www.ncbi.nlm.nih.gov/pmc/articles/PMC6804807/pdf/kcbt-20-11-1640032.pdf}}
}

@misc{Dermoscopy,
    author = "A. Marghoob and N. Jaimes",
    title = "{Overview of dermoscopy}",
    year = {2022},
    note = {Available at \url{https://www.medilib.ir/uptodate/show/13521}}
}

@misc{CancerStats,
    author = "Cancer.Net",
    title = "{Melanoma: Statistics}",
    year = {2023},
    note = {Available at \url{https://www.cancer.net/cancer-types/melanoma/statistics}}
}

@misc{WeakAI,
    author = "B. Marr",
    title = "{What is Weak AI}",
    year = {2021},
    note = {Available at \url{https://bernardmarr.com/what-is-weak-narrow-ai-here-are-8-practical-examples}}
}

@misc{DomainShift,
    author = "K. Stacke, G. Eilertsen, J. Unger and C. Lundström",
    title = "{What is Weak AI}",
    year = {2019},
    note = {Available at \url{https://arxiv.org/pdf/1909.11575.pdf}}
}

@misc{IsicChallenge,
    author = "ISIC",
    title = "{ISIC Challenge}",
    year = {2019},
    note = {Available at \url{https://challenge.isic-archive.com/}}
}

@misc{IsicArchive,
    author = "ISIC",
    title = "{The International Skin Imaging Collaboration}",
    year = {2022},
    note = {Available at \url{https://www.isic-archive.com/}}
}

@misc{CNNExplainer,
    author = "J. Wang, R. Turko and O. Shaik",
    title = "{What is a Convolutional Neural Network?}",
    year = {2022},
    note = {Available at \url{https://poloclub.github.io/cnn-explainer/}}
}

@misc{MelanomaTopicsReview,
    author = "K. Korotkov and R. García",
    title = "{Computerized analysis of pigmented skin lesions: A review}",
    year = {2012},
    note = {Available at \url{https://www.sciencedirect.com/science/article/abs/pii/S0933365712001108}}
}

@misc{WinningISIC,
    author = "Q. Ha, B. Liu and F. Liu",
    title = "{Identifying Melanoma Images using EfficientNet Ensemble: Winning Solution to the SIIM-ISIC Melanoma Classification Challenge}",
    year = {2020},
    note = {Available at \url{https://arxiv.org/pdf/2010.05351.pdf}}
}

@misc{TTA,
    author = "D. Shanmugam, D. Blalock, G. Balakrishnan and J. Guttag",
    title = "{Better Aggregation in Test-Time Augmentation}",
    year = {2021},
    note = {Available at \url{https://arxiv.org/pdf/2011.11156.pdf}}
}

@misc{DropoutPaper,
    author = "N Srivastava",
    title = "{Dropout: A Simple Way to Prevent Neural Networks from Overfitting}",
    year = {2014},
    note = {Available at \url{https://jmlr.org/papers/volume15/srivastava14a/srivastava14a.pdf}}
}

@misc{Albumentations,
    author = "uslaev, Alexande, Eugene and Parinov",
    title = "{Albumentations: Fast and Flexible Image Augmentations}",
    year = {2020},
    note = {Available at \url{https://www.mdpi.com/2078-2489/11/2/125}}
}

@misc{Transformer,
    author = "A. Vaswani",
    title = "{Attention Is All You Need.}",
    year = {2017},
    note = {Available at \url{https://arxiv.org/abs/1706.03762}}
}


@misc{SkinCancerDeepLearning,
    author = "Y. Wu, B. Chen, A. Zeng and S. Zhaocorresponding",
    title = "{Skin Cancer Classification With Deep Learning: A Systematic Review}",
    year = {2022},
    note = {Available at \url{https://www.ncbi.nlm.nih.gov/pmc/articles/PMC9327733/}}
}

@misc{SkinCancerDeepNN,
    author = "A. Esteva, B. Kuprel and R. Novoa",
    title = "{Dermatologist-level classification of skin cancer with deep neural networks}",
    year = {2017},
    note = {Available at \url{https://www.nature.com/articles/nature21056}}
}


@misc{EpidemiologySkinCancer,
    author = "Michael Marchetti",
    title = "{Computer algorithms show potential for improving dermatologists' accuracy to diagnose cutaneous melanoma}",
    year = {2017},
    note = {Available at \url{https://www.sciencedirect.com/science/article/abs/pii/S0190962219323734}}
}

@misc{LearnPyTorch,
    author = "mrdbourke",
    title = "{Learn PyTorch for Deep Learning: Zero to Mastery book}",
    year = {2021},
    note = {Available at \url{https://www.learnpytorch.io/}}
}

@misc{CanMachineThink,
    author = "A. Turing",
    title = "{COMPUTING MACHINERY AND INTELLIGENCE.}",
    year = {1950},
    note = {Available at \url{https://academic.oup.com/mind/article/LIX/236/433/986238}}
}

@misc{OrigenAndTreatment,
    author = "Dr. Partridge",
    title = "{The Origins of Skin Cancer and How We Treat it Today}",
    year = {2013},
    note = {Available at \url{https://ohcare.com/the-origins-of-skin-cancer-and-how-we-treat-it-today/}}
}

@misc{ResNetPaper,
    author = "Kaiming He, Xiangyu Zhang and Jian Sun",
    title = "{Deep Residual Learning for Image Recognition}",
    year = {2013},
    note = {Available at \url{https://arxiv.org/pdf/1512.03385v1.pdf}}
}

@misc{SIIMISICKaggle,
    author = "SIMM and ISIC",
    title = "{Identify melanoma in lesion images}",
    year = {2013},
    note = {Available at \url{https://www.kaggle.com/competitions/siim-isic-melanoma-classification/}}
}

@misc{TimelyMelanomaDetection,
    author = "W. Oncol",
    title = "{Cutaneous Malignant Melanoma: A Review of Early Diagnosis and Management}",
    year = {2021},
    note = {Available at \url{https://www.ncbi.nlm.nih.gov/pmc/articles/PMC7935621/pdf/wjon-12-007.pdf}}
}
