@book{Coleman1974,
author = {Coleman, Rodney},
title = {{Stochastic processes}},
year = {1974}
}

@article{Ruiz2008,
author = {Ruiz, M and Boada, I and Viola, I and Bruckner, S and Feixas, M and Sbert, M},
journal = {Symposium A Quarterly Journal In Modern Foreign Literatures},
title = {{Obscurance-based Volume Rendering Framework}},
volume = {i},
year = {2008}
}

@misc{Melanoma,
    author = "L. Davis, S. Shalin and A. Tackett",
    title = "{Current state of melanoma diagnosis and treatment}",
    year = {2019},
    note = {Available at \url{https://www.ncbi.nlm.nih.gov/pmc/articles/PMC6804807/pdf/kcbt-20-11-1640032.pdf}}
}

@misc{Dermoscopy,
    author = "A. Marghoob and N. Jaimes",
    title = "{Overview of dermoscopy}",
    year = {2022},
    note = {Available at \url{https://www.medilib.ir/uptodate/show/13521}}
}

@misc{CancerStats,
    author = "Cancer.Net",
    title = "{Melanoma: Statistics}",
    year = {2023},
    note = {Available at \url{https://www.cancer.net/cancer-types/melanoma/statistics}}
}

@misc{WeakAI,
    author = "B. Marr",
    title = "{What is Weak AI}",
    year = {2021},
    note = {Available at \url{https://bernardmarr.com/what-is-weak-narrow-ai-here-are-8-practical-examples}}
}

@misc{DomainShift,
    author = "K. Stacke, G. Eilertsen, J. Unger and C. Lundström",
    title = "{What is Weak AI}",
    year = {2019},
    note = {Available at \url{https://arxiv.org/pdf/1909.11575.pdf}}
}

@misc{IsicChallenge,
    author = "ISIC",
    title = "{ISIC Challenge}",
    year = {2019},
    note = {Available at \url{https://challenge.isic-archive.com/}}
}

@misc{IsicArchive,
    author = "ISIC",
    title = "{The International Skin Imaging Collaboration}",
    year = {2022},
    note = {Available at \url{https://www.isic-archive.com/}}
}

@misc{CNNExplainer,
    author = "J. Wang, R. Turko, O. Shaik",
    title = "{What is a Convolutional Neural Network?}",
    year = {2022},
    note = {Available at \url{https://poloclub.github.io/cnn-explainer/}}
}

@misc{MelanomaTopicsReview,
    author = "K. Korotkov and R. García",
    title = "{Computerized analysis of pigmented skin lesions: A review}",
    year = {2012},
    note = {Available at \url{https://www.sciencedirect.com/science/article/abs/pii/S0933365712001108}}
}

@misc{WinningISIC,
    author = "Q. Ha, B. Liu and F. Liu",
    title = "{Identifying Melanoma Images using EfficientNet Ensemble: Winning Solution to the SIIM-ISIC Melanoma Classification Challenge}",
    year = {2020},
    note = {Available at \url{https://arxiv.org/pdf/2010.05351.pdf}}
}

@misc{WinningISICGithub,
    author = "Q. Ha, B. Liu and F. Liu",
    title = "{SIIM-ISIC-Melanoma-Classification-1st-Place-Solution}",
    year = {2020},
    note = {Available at \url{https://github.com/haqishen/SIIM-ISIC-Melanoma-Classification-1st-Place-Solution}}
}

@misc{Albumentations,
    author = "uslaev, Alexande, Eugene and Parinov",
    title = "{Albumentations: Fast and Flexible Image Augmentations}",
    year = {2020},
    note = {Available at \url{https://www.mdpi.com/2078-2489/11/2/125}}
}

@misc{EpidemiologySkinCancer,
    author = "U. Leiter and T. Eigentler",
    title = "{Epidemiology of Skin Cancer}",
    year = {2020},
    note = {Available at \url{https://link.springer.com/chapter/10.1007/978-1-4939-0437-2\_7}}
}


@misc{ISICKaggle,
    author = "SIIM \& ISIC",
    title = "{SIIM-ISIC Melanoma Classification}",
    year = {2020},
    note = {Available at \url{https://www.kaggle.com/competitions/siim-isic-melanoma-classification/code}}
}

@misc{LearnPyTorch,
    author = "mrdbourke",
    title = "{Learn PyTorch for Deep Learning: Zero to Mastery book}",
    year = {2021},
    note = {Available at \url{https://www.learnpytorch.io/}}
}

@misc{LearnSvelteKit,
    author = "sveltejs",
    title = "{SvelteKit Documentation}",
    year = {2021},
    note = {Available at \url{https://kit.svelte.dev/docs}}
}

@misc{LearnFASTApi,
    author = "FastAPI",
    title = "{FastAPI Documentation}",
    year = {2021},
    note = {Available at \url{https://fastapi.tiangolo.com/}}
}

@misc{LearnDocker,
    author = "Docker",
    title = "{Docker Documentation}",
    year = {2021},
    note = {Available at \url{https://www.docker.com}}
}

@misc{LearnPodman,
    author = "Podman",
    title = "{Podman Documentation}",
    year = {2021},
    note = {Available at \url{https://podman.io/}}
}

@misc{SalaryDataScientist,
    author = "Salary.com",
    title = "{Hourly wage for Data Scientist}",
    year = {2021},
    note = {Available at \url{https://www.salary.com/research/salary/benchmark/data-scientist-i-hourly-wages}}
}

@misc{SalaryDataEnginner,
    author = "Salary.com",
    title = "{Hourly wage for Data Scientist}",
    year = {2021},
    note = {Available at \url{https://www.salary.com/research/salary/listing/data-engineer-hourly-wages}}
}

@misc{SalaryResearchScientist,
    author = "Salary.com",
    title = "{Hourly wage for Data Scientist}",
    year = {2021},
    note = {Available at \url{https://www.salary.com/research/salary/posting/computer-and-information-research-scientist-salary}}
}

@misc{SkinCancerDeepNN,
    author = "A. Esteva, B. Kuprel and R. Novoa",
    title = "{Dermatologist-level classification of skin cancer with deep neural networks}",
    year = {2017},
    note = {Available at \url{https://www.nature.com/articles/nature21056}}
}

@misc{CanMachineThink,
    author = "A. Turing",
    title = "{COMPUTING MACHINERY AND INTELLIGENCE.}",
    year = {1950},
    note = {Available at \url{https://academic.oup.com/mind/article/LIX/236/433/986238}}
}

@misc{AIModernApprouch,
    author = "Stuart J. Russell and Peter Norvig",
    title = "{Artificial Intelligence A Modern Approach.}",
    year = {1950},
    note = {Available at \url{http://repo.darmajaya.ac.id/3800/1/Artificial\%20Intelligence\%20A\%20Modern\%20Approach\%20\%283rd\%20Edition\%29.pdf\%20\%28\%20PDFDrive\%20\%29.pdf}}
}

@misc{IBMMachineLearning,
    author = "IBM",
    title = "{What is machine learning?}",
    year = {2020},
    note = {Available at \url{https://www.ibm.com/topics/machine-learning}}
}

@misc{MITML,
    author = "IBM",
    title = "{Machine learning, explained}",
    year = {2021},
    note = {Available at \url{https://mitsloan.mit.edu/ideas-made-to-matter/machine-learning-explained}}
}

@misc{DropoutPaper,
    author = "N. Srivastava",
    title = "{Dropout: A Simple Way to Prevent Neural Networks from Overfitting}",
    year = {2014},
    note = {Available at \url{https://jmlr.org/papers/volume15/srivastava14a/srivastava14a.pdf}}
}

@misc{BaseCancerKnowledge,
    author = "Cancer.Net",
    title = "{Skin cancer: Introduction}",
    year = {2020},
    note = {Available at \url{https://www.cancer.net/es/tipos-de-c%C3%A1ncer/c%C3%A1ncer-de-piel-no-melanomatoso/introducci%C3%B3n
}}
}

@misc{CancerInstitute,
    author = "Dana Farber",
    title = "{Skin cancer, treatment}",
    year = {2020},
    note = {Available at \url{https://www.dana-farber.org/skin-cancer/}}
}

@misc{OrigenAndTreatment,
    author = "Dr. Partridge",
    title = "{The Origins of Skin Cancer and How We Treat it Today}",
    year = {2013},
    note = {Available at \url{https://ohcare.com/the-origins-of-skin-cancer-and-how-we-treat-it-today/}}
}

@misc{ResNetPaper,
    author = "Kaiming He, Xiangyu Zhang and Jian Sun",
    title = "{Deep Residual Learning for Image Recognition}",
    year = {2013},
    note = {Available at \url{https://arxiv.org/pdf/1512.03385v1.pdf}}
}

@misc{SIIMISICKaggle,
    author = "SIMM and ISIC",
    title = "{Identify melanoma in lesion images}",
    year = {2013},
    note = {Available at \url{https://www.kaggle.com/competitions/siim-isic-melanoma-classification/}}
}


